@article{co-evolution,
   Author="de Oliveira, S.  and Deane, C. ",
   Title="{{C}o-evolution techniques are reshaping the way we do structural bioinformatics}",
   Journal="F1000Res",
   Year="2017",
   Volume="6",
   Pages="1224"
}
@article {Elnaggar,
	author = {Elnaggar, Ahmed and Heinzinger, Michael and Dallago, Christian and Rihawi, Ghalia and Wang, Yu and Jones, Llion and Gibbs, Tom and Feher, Tamas and Angerer, Christoph and Bhowmik, Debsindhu and Rost, Burkhard},
	title = {ProtTrans: Towards Cracking the Language of Life{\textquoteright}s Code Through Self-Supervised Deep Learning and High Performance Computing},
	elocation-id = {2020.07.12.199554},
	year = {2020},
	doi = {10.1101/2020.07.12.199554},
	publisher = {Cold Spring Harbor Laboratory},
	URL = {https://www.biorxiv.org/content/early/2020/07/12/2020.07.12.199554},
	eprint = {https://www.biorxiv.org/content/early/2020/07/12/2020.07.12.199554.full.pdf},
	journal = {bioRxiv}
}

@article{DeepSF,
    author = {Hou, Jie and Adhikari, Badri and Cheng, Jianlin},
    title = "{DeepSF: deep convolutional neural network for mapping protein sequences to folds}",
    journal = {Bioinformatics},
    volume = {34},
    number = {8},
    pages = {1295-1303},
    year = {2017},
    month = {12},
    issn = {1367-4803},
    doi = {10.1093/bioinformatics/btx780},
    url = {https://doi.org/10.1093/bioinformatics/btx780},
    eprint = {https://academic.oup.com/bioinformatics/article-pdf/34/8/1295/25171231/btx780.pdf},
}
@article{ Villegas, 
  author={A. {Villegas-Morcillo} and A. M. {Gomez} and J. A. {Morales Cordovilla} and V. E. {Sanchez Calle}},

  journal={IEEE/ACM Transactions on Computational Biology and Bioinformatics}, 

  title={Protein Fold Recognition from Sequences using Convolutional and Recurrent Neural Networks}, 

  year={2020},

  volume={},

  number={},

  pages={1-1},

  doi={10.1109/TCBB.2020.3012732}}
}
@Article{DeepFrag,
   Author="Elhefnawy, W.  and Li, M.  and Wang, J.  and Li, Y. ",
   Title="{{D}eep{F}rag-k: a fragment-based deep learning approach for protein fold recognition}",
   Journal="BMC Bioinformatics",
   Year="2020",
   Volume="21",
   Number="Suppl 6",
   Pages="203",
   Month="Nov"
}
@article {Kandathil,
	author = {Kandathil, Shaun M and Greener, Joe G and Lau, Andy M and Jones, David T},
	title = {Deep learning-based prediction of protein structure using learned representations of multiple sequence alignments},
	elocation-id = {2020.11.27.401232},
	year = {2020},
	doi = {10.1101/2020.11.27.401232},
	publisher = {Cold Spring Harbor Laboratory},
	URL = {https://www.biorxiv.org/content/early/2020/11/27/2020.11.27.401232},
	eprint = {https://www.biorxiv.org/content/early/2020/11/27/2020.11.27.401232.full.pdf},
	journal = {bioRxiv}
}

@article {Xu2020.10.12.336859,
	author = {Xu, Jinbo and Mcpartlon, Matthew and Li, Jin},
	title = {Improved protein structure prediction by deep learning irrespective of co-evolution information},
	elocation-id = {2020.10.12.336859},
	year = {2020},
	doi = {10.1101/2020.10.12.336859},
	publisher = {Cold Spring Harbor Laboratory},
	URL = {https://www.biorxiv.org/content/early/2020/10/12/2020.10.12.336859},
	eprint = {https://www.biorxiv.org/content/early/2020/10/12/2020.10.12.336859.full.pdf},
	journal = {bioRxiv}
}

@article{cellbiology,
author = {Uzman, Akif},
title = {Molecular biology of the cell (4th ed.): Alberts, B., Johnson, A., Lewis, J., Raff, M., Roberts, K., and Walter, P.},
journal = {Biochemistry and Molecular Biology Education},
volume = {31},
number = {4},
pages = {212-214},
doi = {https://doi.org/10.1002/bmb.2003.494031049999},
url = {https://iubmb.onlinelibrary.wiley.com/doi/abs/10.1002/bmb.2003.494031049999},
eprint = {https://iubmb.onlinelibrary.wiley.com/doi/pdf/10.1002/bmb.2003.494031049999},
year = {2003}
}

@article{evolution-not-random,
    author = {De Lucrezia, Davide AND Slanzi, Debora AND Poli, Irene AND Polticelli, Fabio AND Minervini, Giovanni},
    journal = {PLOS ONE},
    publisher = {Public Library of Science},
    title = {Do Natural Proteins Differ from Random Sequences Polypeptides? Natural vs. Random Proteins Classification Using an Evolutionary Neural Network},
    year = {2012},
    month = {05},
    volume = {7},
    url = {https://doi.org/10.1371/journal.pone.0036634},
    pages = {1-10},
    number = {5},
    doi = {10.1371/journal.pone.0036634}
}

@misc{bert,
      title={BERT: Pre-training of Deep Bidirectional Transformers for Language Understanding}, 
      author={Jacob Devlin and Ming-Wei Chang and Kenton Lee and Kristina Toutanova},
      year={2019},
      eprint={1810.04805},
      archivePrefix={arXiv},
      primaryClass={cs.CL}
}

@Article{Schaeffer2011,
author={Schaeffer, R. Dustin
and Daggett, Valerie},
title={Protein folds and protein folding},
journal={Protein engineering, design {\&} selection : PEDS},
year={2011},
month={Jan},
edition={2010/11/03},
publisher={Oxford University Press},
volume={24},
number={1-2},
pages={11-19},
keywords={Animals; Humans; Molecular Dynamics Simulation; Protein Conformation; Protein Folding; Proteins/*chemistry/*classification},
note={21051320[pmid]},
note={PMC3003448[pmcid]},
note={gzq096[PII]},
issn={1741-0134},
doi={10.1093/protein/gzq096},
url={https://pubmed.ncbi.nlm.nih.gov/21051320},
url={https://doi.org/10.1093/protein/gzq096},
language={eng}
}

@article{SCOP2FST,
    author = {Andreeva, Antonina and Howorth, Dave and Chothia, Cyrus and Kulesha, Eugene and Murzin, Alexey G.},
    title = "{SCOP2 prototype: a new approach to protein structure mining}",
    journal = {Nucleic Acids Research},
    volume = {42},
    number = {D1},
    pages = {D310-D314},
    year = {2013},
    month = {11},
    issn = {0305-1048},
    doi = {10.1093/nar/gkt1242},
    url = {https://doi.org/10.1093/nar/gkt1242},
    eprint = {https://academic.oup.com/nar/article-pdf/42/D1/D310/3648598/gkt1242.pdf},
}

@article{SCOP2SND,
    author = {Andreeva, Antonina and Kulesha, Eugene and Gough, Julian and Murzin, Alexey G},
    title = "{The SCOP database in 2020: expanded classification of representative family and superfamily domains of known protein structures}",
    journal = {Nucleic Acids Research},
    volume = {48},
    number = {D1},
    pages = {D376-D382},
    year = {2019},
    month = {11},

    doi = {10.1093/nar/gkz1064},
    url = {https://doi.org/10.1093/nar/gkz1064},
    eprint = {https://academic.oup.com/nar/article-pdf/48/D1/D376/33024560/gkz1064.pdf},
}

ï»¿@Article{PSIBLAST,
author={Bhagwat, Medha
and Aravind, L.},
title={PSI-BLAST tutorial},
journal={Methods in molecular biology (Clifton, N.J.)},
year={2007},
publisher={Humana Press},
volume={395},
pages={177-186},
keywords={Amino Acid Sequence; DNA Polymerase III/chemistry; *Databases, Genetic; Escherichia coli/enzymology; *Information Storage and Retrieval; Models, Molecular; Molecular Sequence Data; *Sequence Alignment; Sequence Homology, Amino Acid},
note={17993673[pmid]},
note={PMC4781153[pmcid]},
note={1-59745-514-8:177[PII]},
issn={1064-3745},
doi={10.1007/978-1-59745-514-5_10},
url={https://pubmed.ncbi.nlm.nih.gov/17993673},
url={https://doi.org/10.1007/978-1-59745-514-5_10},
language={eng}
}

@Article{SCRATCH,
   Author="Magnan, C. N.  and Baldi, P. ",
   Title="{{S}{S}pro/{A}{C}{C}pro 5: almost perfect prediction of protein secondary structure and relative solvent accessibility using profiles, machine learning and structural similarity}",
   Journal="Bioinformatics",
   Year="2014",
   Volume="30",
   Number="18",
   Pages="2592--2597",
   Month="Sep"
}


@article {ProtBert,
	author = {Elnaggar, Ahmed and Heinzinger, Michael and Dallago, Christian and Rehawi, Ghalia and Wang, Yu and Jones, Llion and Gibbs, Tom and Feher, Tamas and Angerer, Christoph and Steinegger, Martin and BHOWMIK, DEBSINDHU and Rost, Burkhard},
	title = {ProtTrans: Towards Cracking the Language of Life{\textquoteright}s Code Through Self-Supervised Deep Learning and High Performance Computing},
	elocation-id = {2020.07.12.199554},
	year = {2020},
	doi = {10.1101/2020.07.12.199554},
	publisher = {Cold Spring Harbor Laboratory},
	URL = {https://www.biorxiv.org/content/early/2020/07/21/2020.07.12.199554},
	eprint = {https://www.biorxiv.org/content/early/2020/07/21/2020.07.12.199554.full.pdf},
	journal = {bioRxiv}
}




% @book{texbook,
%   author = {Donald E. Knuth},
%   year = {1986},
%   title = {The \TeX{} Book},
%   publisher = {Addison-Wesley Professional}
% }

% @book{latex:companion,
%   author = {Frank Mittelbach and Michel Gossens
%             and Johannes Braams and David Carlisle
%             and Chris Rowley},
%   year = {2004},
%   title = {The \LaTeX{} Companion},
%   publisher = {Addison-Wesley Professional},
%   edition = {2}
% }

% @book{latex2e,
%   author = {Leslie Lamport},
%   year = {1994},
%   title = {\LaTeX: a Document Preparation System},
%   publisher = {Addison Wesley},
%   address = {Massachusetts},
%   edition = {2}
% }

% @article{knuth:1984,
%   title={Literate Programming},
%   author={Donald E. Knuth},
%   journal={The Computer Journal},
%   volume={27},
%   number={2},
%   pages={97--111},
%   year={1984},
%   publisher={Oxford University Press}
% }

% @inproceedings{lesk:1977,
%   title={Computer Typesetting of Technical Journals on {UNIX}},
%   author={Michael Lesk and Brian Kernighan},
%   booktitle={Proceedings of American Federation of
%              Information Processing Societies: 1977
%              National Computer Conference},
%   pages={879--888},
%   year={1977},
%   address={Dallas, Texas}
% }